<record><leader>00000cas a22000007a 4500</leader><controlfield tag="001">12744455</controlfield><controlfield tag="008">851031d18911897inudn ne      0    0eng d</controlfield><datafield ind1=" " ind2=" " tag="010"><subfield code="a">sn 85048137 </subfield></datafield><datafield ind1=" " ind2=" " tag="040"><subfield code="a">NPI</subfield><subfield code="b">eng</subfield><subfield code="c">NPI</subfield><subfield code="d">OCLCQ</subfield></datafield><datafield ind1=" " ind2=" " tag="042"><subfield code="a">msc</subfield></datafield><datafield ind1="0" ind2="0" tag="245"><subfield code="a">Jeffersonville news.</subfield></datafield><datafield ind1=" " ind2=" " tag="260"><subfield code="a">Jeffersonville, Ind. :</subfield><subfield code="b">Reuben Dailey,</subfield><subfield code="c">1891-1897.</subfield></datafield><datafield ind1=" " ind2=" " tag="300"><subfield code="a">v. :</subfield><subfield code="b">ill.</subfield></datafield><datafield ind1=" " ind2=" " tag="310"><subfield code="a">Daily (except Sun.)</subfield></datafield><datafield ind1="0" ind2=" " tag="362"><subfield code="a">Vol. 20, no. 64 (Mar. 16, 1891)-v. 22, no. 160 (July 7, 1897).</subfield></datafield><datafield ind1=" " ind2=" " tag="515"><subfield code="a">Has many numbering irregularities.</subfield></datafield><datafield ind1=" " ind2=" " tag="580"><subfield code="a">Published also in a weekly edition called: National Democrat.</subfield></datafield><datafield ind1=" " ind2=" " tag="752"><subfield code="a">United States</subfield><subfield code="b">Indiana</subfield><subfield code="c">Clark</subfield><subfield code="d">Jeffersonville.</subfield></datafield><datafield ind1="1" ind2=" " tag="775"><subfield code="t">National Democrat (Jeffersonville, Ind.)</subfield><subfield code="w">(DLC)sn 84023966</subfield></datafield><datafield ind1="0" ind2="0" tag="780"><subfield code="t">Daily evening news (Jeffersonville, Ind.)</subfield><subfield code="w">(DLC)sn 85048136</subfield></datafield><datafield ind1="0" ind2="0" tag="785"><subfield code="t">Evening news (Jeffersonville, Ind. : 1897)</subfield><subfield code="w">(DLC)sn 85048138</subfield></datafield></record>